<?xml version="1.0" encoding="UTF-8"?>
<collection xmlns:xsi="http://www.w3.org/2001/XMLSchema-instance" xsi:schemaLocation="http://www.loc.gov/MARC21/slim http://www.loc.gov/standards/marcxml/schema/MARC21slim.xsd" xmlns="http://www.loc.gov/MARC21/slim">
<record>
  <leader>00820cam a2200241Ma 4500</leader>
  <controlfield tag="001">3071546</controlfield>
  <controlfield tag="003">NNC</controlfield>
  <controlfield tag="005">20130520200853.0</controlfield>
  <controlfield tag="008">850515m19389999ua            000 0carard</controlfield>
  <datafield tag="035" ind1=" " ind2=" ">
    <subfield code="a">(OCoLC)ocm23483824</subfield>
  </datafield>
  <datafield tag="035" ind1=" " ind2=" ">
    <subfield code="9">ATP4521CU</subfield>
  </datafield>
  <datafield tag="035" ind1=" " ind2=" ">
    <subfield code="a">(NNC)3071546</subfield>
  </datafield>
  <datafield tag="035" ind1=" " ind2=" ">
    <subfield code="a">3071546</subfield>
  </datafield>
  <datafield tag="040" ind1=" " ind2=" ">
    <subfield code="a">EYM</subfield>
    <subfield code="c">EYM</subfield>
    <subfield code="d">OCL</subfield>
    <subfield code="d">ZCU</subfield>
  </datafield>
  <datafield tag="050" ind1=" " ind2="4">
    <subfield code="a">BP189</subfield>
    <subfield code="b">.M96</subfield>
  </datafield>
  <datafield tag="099" ind1=" " ind2=" ">
    <subfield code="a">893.791</subfield>
    <subfield code="a">Ab31</subfield>
  </datafield>
  <datafield tag="100" ind1="1" ind2=" ">
    <subfield code="a">Munāwī, ʻAbd al-Raʼūf ibn Tāj al-ʻĀrifīn,</subfield>
    <subfield code="d">-1621.</subfield>
  </datafield>
  <datafield tag="245" ind1="1" ind2="3">
    <subfield code="a">al-Kawākib al-durrīyah :</subfield>
    <subfield code="b">fī tarājim al-sādah al-Ṣūfīyah /</subfield>
    <subfield code="c">taʾlīf ʻAbd al-Raʾūf al-Munāwī ; ṣaḥḥaḥahu wa-ʻallaqa ʻalayhi Maḥmūd Ḥasan Rabīʻ.</subfield>
  </datafield>
  <datafield tag="250" ind1=" " ind2=" ">
    <subfield code="a">al-Ṭabʻah 1.</subfield>
  </datafield>
  <datafield tag="260" ind1=" " ind2=" ">
    <subfield code="a">al-Qāhirah :</subfield>
    <subfield code="b">Maṭbaʻat al-Anwār,</subfield>
    <subfield code="c">[1357/1938-</subfield>
  </datafield>
  <datafield tag="300" ind1=" " ind2=" ">
    <subfield code="a">v.</subfield>
  </datafield>
  <datafield tag="650" ind1=" " ind2="0">
    <subfield code="a">Sufism</subfield>
    <subfield code="v">Biography.</subfield>
  </datafield>
  <datafield tag="955" ind1=" " ind2=" ">
    <subfield code="b">0315334767</subfield>
    <subfield code="d">glx</subfield>
    <subfield code="e">893.791 Ab31</subfield>
    <subfield code="v">v.1</subfield>
  </datafield>
</record>
</collection>